@article{ref:1,
	author = {Pisanelli, Domenico M. and Aldo Gangemi and Geri Steve},
	title = {{Ontologies and information systems: the marriage of the century?}},
	journal = {New Trends in Software Methodologies, Tools and Techniques},
	year = 2002,
	pages = {125--133}
}
@booklet{ref:2,
	author = {Guarino, Nicola},
	title = {{Formal ontology in information systems}},
	howpublished = {Proceedings of the first international conference (FOIS'98)},
	year = 1998,
	pages = {3},
	month = jun
}
@misc{ref:3,
	author = {{MedlinePlus}},
	howpublished = {\url{https://medlineplus.gov}}
}
@article{ref:4,
	author = {Gruber, T. R.},
	title = {{A Translation Approach to Portable Ontology Specification}},
	journal = {Knowledge Acquisition},
	year = 1993,
	volume = {5},
	pages = {199--220}
}
@inproceedings{ref:5,
	author = {Brickley, D. and Guha, R. V.},
	title = {{Resource Description Framework (RDF) Schema Specification}},
	year = 1999,
	publisher = {World Wide Web Consortium: http://www.w3.org/TR/PR-rdf-schema}
}
@article{ref:6,
	author = {Hendler, J. and McGuinness, D. L.},
	title = {{The DARPA Agent Markup Language}},
	year = 2000,
	pages = {67--73},
	journal = {IEEE Intelligent Systems},
	volume = {16},
	number = {6}
}
@article{ref:7,
	author = {Price, C. and Spackman, K.},
	title = {{SNOMED clinical terms}},
	year = 2000,
	pages = {27--31},
	journal = {BJHC\&IM-British Journal of Healthcare Computing \& Information Management},
	volume = {17},
	number = {3}
}
@article{ref:8,
	author = {Humphreys, B. L. and Lindberg, D. A. B.},
	title = {{The UMLS project: making the conceptual connection between users and the information they need}},
	year = 1993,
	pages = {170},
	journal = {The UMLS project: making the conceptual connection between users and the information they need. Bulletin of the Medical Library Association},
	volume = {81},
	number = {2}
}
@misc{ref:9,
	author = {{United Nations Development Program}},
	title = {{United Nations Standard Products and Services Code}},
	howpublished = {\url{https://www.unspsc.org}}
}
@article{ref:10,
	author = {Musen, M. A.},
	title = {{Dimensions of knowledge sharing and reuse}},
	year = 1992,
	pages = {435--467},
	journal = {Computers and Biomedical Research},
	volume = {25}
}
@article{ref:11,
	author = {McGuinness, D. L. and Wright, J.},
	title = {{Conceptual Modeling for Configuration: A Description Logic-based Approach}},
	year = 1998,
	journal = {Artificial Intelligence for Engineering Design, Analysis, and Manufacturing - special issue on Configuration}
}
@article{ref:12,
	author = {Rothenfluh, T. R. and Gennari, J.H. and Eriksson, H. and Puerta, A.R. and Tu, S.W. and Musen, M.A.},
	title = {{Reusable ontologies, knowledge-acquisition tools, and performance systems:  PROTÉGÉ-II solutions to Sisyphus-2}},
	year = 1996,
	pages = {303--332},
	journal = {International Journal of Human-Computer Studies},
	volume = {44}
}
@article{ref:13,
	author = {McGuinness, D. L. and Fikes, R. and Rice, J. and Wilder, S.},
	title = {{An Environment for Merging and Testing Large Ontologies}},
	year = 2000
}
@article{ref:14,
	author = {Hearst, Marti A.},
	title = {{Automatic acquisition of hyponyms from large text corpora}},
	year = 1992,
	pages = {539--545},
	journal = {Association for Computational Linguistics}
}
@book{ref:15,
	author = {Russell, Bertrand},
	booktitle = {{The Principles of Mathematics}},
	publisher = {W. W. Norton \& Company},
	edition = {2},
	isbn = {0393314049},
	year = {1996},
	address = {Berlin},
	url = {http://fair-use.org/bertrand-russell/the-principles-of-mathematics/index},
	note = {Reprint, first published in 1903}
}
@misc{ref:16,
	author = {Weisstein, Eric W.},
	title = {{Grelling's Paradox}},
	howpublished = {\url{https://mathworld.wolfram.com/GrellingsParadox.html}}
}
@inproceedings{ref:17,
	author = {Piad{-}Morffis, Alejandro and Estevez{-}Velarde, Suilan and Consuegra{-}Ayala, Juan Pablo and Almeida{-}Cruz, Yudivi{\'{a}}n and Guti{\'{e}}rrez, Yoan and Mu{\~{n}}oz, Rafael and Montoyo, Andr{\'{e}}s},
	title = {{Overview of the eHealth Knowledge Discovery Challenge at IberLEF 2019}},
	booktitle = {Proceedings of the Iberian Languages Evaluation Forum (IberLEF 2019). CEUR Workshop Proceedings, CEUR-WS.org},
	year = 2019
}
@inproceedings{ref:18,
	author = {Piad{-}Morffis, Alejandro and Estevez{-}Velarde, Suilan and Almeida{-}Cruz, Yudivi{\'{a}}n and Guti{\'{e}}rrez, Yoan and Mu{\~{n}}oz, Rafael and Montoyo, Andr{\'{e}}s},
	title = {{Overview of the eHealth Knowledge Discovery Challenge at IberLEF 2020}},
	booktitle = {Proceedings of the Iberian Languages Evaluation Forum (IberLEF 2020)},
	year = 2020
}
@article{ref:19,
	author = {Piad{-}Morffis, Alejandro and Almeida{-}Cruz, Yudivi{\'{a}}n and Guti{\'{e}}rrez, Yoan and Mu{\~{n}}oz, Rafael},
	title = {{A Computational Ecosystem to Support eHealth Knowledge Discovery Technologies in Spanish}},
	journal = {Journal of Biomedical Informatics},
	year = 2020,
	pages = {103517},
	issn = {1532--0464},
	doi = {https://doi.org/10.1016/j.jbi.2020.103517}
	url = {http://www.sciencedirect.com/science/article/pii/S1532046420301453}
}
@dataset{ref:20,
	author = {Piad{-}Morffis, Alejandro and Almeida{-}Cruz, Yudivi{\'{a}}n and Guti{\'{e}}rrez, Yoan and Mu{\~{n}}oz, Rafael},
	title = {{[dataset] eHealth-KD v2}},
	month = mar,
	year = 2020,
	publisher = {Zenodo},
	version = {v2.0}
	doi = {10.5281/zenodo.696792},
	url = {https://doi.org/10.5281/zenodo.3696792}
}
@masterthesis{ref:21,
	author = {Consuegra Ayala, Juan Pablo},
	title = {{Descubrimiento de Conocimiento en Documentos Clínicos: Un Enfoque Basado en Aprendizaje Profundo}},
	school = {Universidad de la Habana},
	address = {Havana, Cuba},
	year = 2019,
	month = dec
}
@misc{ref:22,
	author = {{Python Software Foundation}},
	title = {{Python}},
	howpublished = {\url{https://www.python.org/downloads/release/python-382}}
}
@misc{ref:23,
	author = {{Natural Language Toolkit}},
	title = {{NLTK}},
	howpublished = {\url{https://www.nltk.org}}
}
@misc{ref:24,
	author = {{Explosion  AI}},
	title = {{spaCy}},
	howpublished = {\url{https://spacy.io}}
}
@inproceedings{ref:25,
	author = {Brank, Janez and Mladenic, Dunja and Grobelnik, Marko},
	title = {{Gold standard based ontology evaluation using instance assignment}},
	booktitle = {Workshop on Evaluation of Ontologies for the Web, EON},
	year = 2006
}
@article{ref:26,
	author = {Lozano{-}Tello, Adolfo and G{\'{o}}mez{-}P{\'{e}}rez, Asunci{\'{o}}n},
	title = {{Ontometric: A method to choose the appropiate ontology}},,
	journal = {Journal of Database Management (JDM)},
	year = 2004,
	volume = {15},
	number = {2},
	pages = {1--18}
}
@article{ref:27,
	author = {Petasis, Georgios and Karkaletsis, Vangelis and Paliouras, Georgios and Krithara, Anastasia and Zavitsanos, Elias},
	title = {{Ontology population and enrichment: State of the art}},,
	journal = {Knowledge-driven multimedia information extraction and ontology evolution},
	year = 2011,
	pages = {134--166}
}
@article{ref:28,
	author = {Brank, Janez and Mladenic, Dunja and Grobelnik, Marko},
	title = {{A survey of ontology evaluation techniques}},,
	journal = {Proceedings of the conference on data mining and data warehouses (SiKDD 2005)},
	year = 2005,
	pages = {166--170}
}
@misc{ref:29,
	author = {Brewster, Christopher and Alani, Harith and Dasmahapatra, Srinandan and Wilks, Yorick},
	title ={{Data driven ontology evaluation}},
	year = 2004
}